<record><leader>00000cas a22000007a 4500</leader><controlfield tag="001">22768747</controlfield><controlfield tag="008">901203d19611966nyuwr ne      0    0eng d</controlfield><controlfield tag="009">550</controlfield><datafield ind1=" " ind2=" " tag="010"><subfield code="a">sn 90066349 </subfield></datafield><datafield ind1=" " ind2=" " tag="040"><subfield code="a">NYS</subfield><subfield code="b">eng</subfield><subfield code="c">NYS</subfield><subfield code="d">DLC</subfield><subfield code="d">NYS</subfield><subfield code="d">OCLCQ</subfield></datafield><datafield ind1=" " ind2=" " tag="019"><subfield code="a">22768821</subfield></datafield><datafield ind1="1" ind2=" " tag="029"><subfield code="a">AU@</subfield><subfield code="b">000025866659</subfield></datafield><datafield ind1=" " ind2=" " tag="042"><subfield code="a">msc</subfield></datafield><datafield ind1="0" ind2="4" tag="245"><subfield code="a">The Record-press.</subfield></datafield><datafield ind1="3" ind2="0" tag="246"><subfield code="a">Record press</subfield></datafield><datafield ind1="3" ind2="0" tag="246"><subfield code="a">Onteora record, Woodstock press</subfield></datafield><datafield ind1=" " ind2=" " tag="260"><subfield code="a">Woodstock, [N.Y.] :</subfield><subfield code="b">Maurice F. Hamilton and Thor L. Krogh,</subfield><subfield code="c">1961-1966.</subfield></datafield><datafield ind1=" " ind2=" " tag="300"><subfield code="a">v.</subfield></datafield><datafield ind1=" " ind2=" " tag="310"><subfield code="a">Weekly</subfield></datafield><datafield ind1="0" ind2=" " tag="362"><subfield code="a">Vol. 6, no. 1 (June 15, 1961)-v. 10, no. 8 (Feb. 23, 1966).</subfield></datafield><datafield ind1=" " ind2=" " tag="500"><subfield code="a">"Onteora" appears above "record", and "Woodstock" appears above "press", June 22, 1961-Mar. 15, 1962.</subfield></datafield><datafield ind1=" " ind2="4" tag="651"><subfield code="a">Woodstock (N.Y.)</subfield><subfield code="v">Newspapers.</subfield></datafield><datafield ind1=" " ind2=" " tag="752"><subfield code="a">United States</subfield><subfield code="b">New York</subfield><subfield code="c">Ulster</subfield><subfield code="d">Woodstock.</subfield></datafield><datafield ind1="0" ind2="4" tag="780"><subfield code="t">Onteora record</subfield><subfield code="w">(DLC)sn 90066335</subfield><subfield code="w">(OCoLC)22736541</subfield></datafield><datafield ind1="0" ind2="4" tag="780"><subfield code="t">Woodstock press (Woodstock, N.Y. : 1953)</subfield><subfield code="w">(DLC)sn 90066348</subfield><subfield code="w">(OCoLC)22753567</subfield></datafield><datafield ind1="0" ind2="0" tag="785"><subfield code="t">Woodstock record press</subfield><subfield code="w">(DLC)sn 90066350</subfield><subfield code="w">(OCoLC)22769031</subfield></datafield></record>